@article {Lorenzini1989,
    AUTHOR = {Lorenzini, Dino J.},
     TITLE = {Arithmetical graphs},
   JOURNAL = {Math. Ann.},
  FJOURNAL = {Mathematische Annalen},
    VOLUME = {285},
      YEAR = {1989},
    NUMBER = {3},
     PAGES = {481--501},
      ISSN = {0025-5831},
     CODEN = {MAANA},
   MRCLASS = {14H25 (11G20 14G20 14H40)},
  MRNUMBER = {1019714 (91b:14026)},
MRREVIEWER = {Takeshi Saito},
       DOI = {10.1007/BF01455069},
       URL = {http://dx.doi.org/10.1007/BF01455069}
}
@article {Shokrieh2010,
    AUTHOR = {Shokrieh, Farbod},
     TITLE = {The monodromy pairing and discrete logarithm on the {J}acobian
              of finite graphs},
   JOURNAL = {J. Math. Cryptol.},
  FJOURNAL = {Journal of Mathematical Cryptology},
    VOLUME = {4},
      YEAR = {2010},
    NUMBER = {1},
     PAGES = {43--56},
      ISSN = {1862-2976},
   MRCLASS = {05C50 (14H40 94A60)},
  MRNUMBER = {2660333 (2011m:05187)},
       DOI = {10.1515/JMC.2010.002},
       URL = {http://dx.doi.org/10.1515/JMC.2010.002}
}
@article {Miranda1984,
    AUTHOR = {Miranda, Rick},
     TITLE = {Nondegenerate symmetric bilinear forms on finite abelian
              {$2$}-groups},
   JOURNAL = {Trans. Amer. Math. Soc.},
  FJOURNAL = {Transactions of the American Mathematical Society},
    VOLUME = {284},
      YEAR = {1984},
    NUMBER = {2},
     PAGES = {535--542},
      ISSN = {0002-9947},
     CODEN = {TAMTAM},
   MRCLASS = {20K10 (11E39)},
  MRNUMBER = {743731 (85m:20075)},
MRREVIEWER = {J. P. Levine},
       DOI = {10.2307/1999094},
       URL = {http://dx.doi.org/10.2307/1999094}
}